% This file was created with JabRef 2.10.
% Encoding: Cp1252

@misc{bootstrap,
  title = "Bootstrap",
  url = "http://www.getbootstrap.com",
  note = "[Online; Aufgerufen am 15.01.2015]"
}

@misc{jquery,
  title = "jQuery",
  url = "http://www.jquery.com",
  note = "[Online; Aufgerufen am 15.01.2015]"
}

@misc{jqplot,
  title = "jqPlot",
  url = "http://www.jqplot.com",
  note = "[Online; Aufgerufen am 15.01.2015]"
}

@misc{mysqlc,
  title = "MySQL Connector/C API",
  url = "http://dev.mysql.com/downloads/connector/c/",
  note = "[Online; Aufgerufen am 15.01.2015]"
}

@misc{uroffer,
  title = "Produktbeschreibung UR10",
  author = {{FAUDE Automatisierungstechnik GmbH}},
  url = "http://www.faude.de/roboter-handling/ur10-fips-der-leichtbauroboter",
  note = "[Online; Aufgerufen am 15.01.2015]"
}

@misc{urtech,
  title = "Universal Robots UR10 1.8 Technische Spezifikationen",
  url = "http://media1.limitless.dk/UR_Tech_Spec/UR10_DE.pdf",
  note = "[Online; Aufgerufen am 15.01.2015]"
}

@misc{urmanual,
  title = "Universal Robots UR10 1.8 Software Benutzrhandbuch",
  url = "http://ur-update.dk/URsupport/Manuals/SoftwareManual/Release1.8/software_manual_en_Global.pdf",
  note = "[Online; Aufgerufen am 15.01.2015]"
}

@misc{urscript,
  title = "Universal Robots UR10 1.8 Script Manual",
  url = "http://ur-update.dk/URsupport/Manuals/ScriptManual/Release1.8/scriptmanual_en.pdf",
  note = "[Online; Aufgerufen am 15.01.2015]"
}

@misc{urcapi,
  title = "Universal Robots UR10 1.8 C API",
  url = "http://ur-update.dk/URsupport/Software/C-API/ur-c-api-example-1.8.14035.tar.gz",
  note = "[Online; Aufgerufen am 15.01.2015]"
}